 @article{einstein,
  author = {Einstein, A.},
  title = {Die Grundlage der allgemeinen Relativit\"atstheorie},
  journal = {Annalen der Physik},
  volume = {354},
  number = {7},
  pages = {769--822},
  year = {1916}
 }
